@ARTICLE{2016arXiv161109190T,
   author = {{Taylor}, M.~B. and {Mantelet}, G. and {Demleitner}, M.},
    title = "{All of the Sky: HEALPix Density Maps of Gaia-scale Datasets from the Database to the Desktop}",
  journal = {ArXiv e-prints},
archivePrefix = "arXiv",
   eprint = {1611.09190},
 primaryClass = "astro-ph.IM",
 keywords = {Astrophysics - Instrumentation and Methods for Astrophysics},
     year = 2016,
    month = nov,
   adsurl = {http://ads.ari.uni-heidelberg.de/abs/2016arXiv161109190T},
  adsnote = {Provided by the SAO/NASA Astrophysics Data System}
}

@PROCEEDINGS{1997ESASP1200.....E,
				author = "ESA",
        title = "{The HIPPARCOS and TYCHO catalogues. Astrometric and photometric star catalogues derived from the ESA HIPPARCOS Space Astrometry Mission}",
     keywords = {SPACE ASTROMETRY, STAR CATALOGS, POSITIONS, ARTIFICIAL SATELLITES},
    booktitle = {ESA Special Publication},
         year = 1997,
       series = {ESA Special Publication},
       volume = {1200},
        month = jan,
       adsurl = {https://ui.adsabs.harvard.edu/abs/1997ESASP1200.....E},
      adsnote = {Provided by the SAO/NASA Astrophysics Data System}
}

@ARTICLE{2000A&AS..143....9W,
       author = {{Wenger}, M. and {Ochsenbein}, F. and {Egret}, D. and {Dubois}, P. and {Bonnarel}, F. and {Borde}, S. and {Genova}, F. and {Jasniewicz}, G. and {Lalo{\"e}}, S. and {Lesteven}, S. and {Monier}, R.},
        title = "{The SIMBAD astronomical database. The CDS reference database for astronomical objects}",
      journal = {\aaps},
     keywords = {ASTRONOMICAL DATA BASES: MISCELLANEOUS, CATALOGS, Astrophysics},
         year = 2000,
        month = apr,
       volume = {143},
        pages = {9-22},
          doi = {10.1051/aas:2000332},
archivePrefix = {arXiv},
       eprint = {astro-ph/0002110},
 primaryClass = {astro-ph},
       adsurl = {https://ui.adsabs.harvard.edu/abs/2000A&AS..143....9W},
      adsnote = {Provided by the SAO/NASA Astrophysics Data System}
}
